@book{stokes2021,
	author = {Stokes, S.},
	title = {Art and Copyright},
	year = {2021},
	edition = {Third},
	publisher = {Hart},
}

@article{thomas2024,
	author = {Thomas, D. and Criddle, C.},
	title = {Voluntary AI Copyright Code Plan Folds After Negotiations Falter:
	         Regulation},
	journal = {The Financial Times},
	year = {2024},
	note = {London Edition},
}

@article{ma2024,
	author = {Ma, W. and Song, Y. and Xue, M. and Wen, S. and Xiang, Y.},
	title = {The "Code" of Ethics: A Holistic Audit of AI Code Generators},
	journal = {IEEE Transactions on Dependable and Secure Computing},
	year = {2024},
	volume = {21},
	number = {5},
	pages = {4997--5013},
	doi = {10.1109/TDSC.2024.3367737},
}

@video{bloomberglaw2023,
	author = {Bloomberg Law},
	title = {ChatGPT and Generative AI Are Hits! Can Copyright Law Stop Them?},
	year = {2023},
	month = {6},
	day = {26},
	url = {https://www.youtube.com/watch?v=bRqwTP2eKJY},
}
