
@book{stokes2021,
	author = {Stokes, S.},
	title = {Art and Copyright},
	year = {2021},
	edition = {Third},
	publisher = {Hart},
}

@article{thomas2024,
	author = {Thomas, D. and Criddle, C.},
	title = {Voluntary AI Copyright Code Plan Folds After Negotiations Falter:
	         Regulation},
	journal = {The Financial Times},
	year = {2024},
	note = {London Edition},
}

@article{ma2024,
	author = {Ma, W. and Song, Y. and Xue, M. and Wen, S. and Xiang, Y.},
	title = {The "Code" of Ethics: A Holistic Audit of AI Code Generators},
	journal = {IEEE Transactions on Dependable and Secure Computing},
	year = {2024},
	volume = {21},
	number = {5},
	pages = {4997--5013},
	doi = {10.1109/TDSC.2024.3367737},
}

@video{bloomberglaw2023,
	author = {Bloomberg Law},
	title = {ChatGPT and Generative AI Are Hits! Can Copyright Law Stop Them?},
	year = {2023},
	month = {6},
	day = {26},
	url = {https://www.youtube.com/watch?v=bRqwTP2eKJY},
}


@misc{github,
	title = {Research: Quantifying github copilotâ€™s impact on developer
	         productivity and happiness},
	url = {
	       https://github.blog/news-insights/research/research-quantifying-github-copilots-impact-on-developer-productivity-and-happiness/
	       },
	journal = {The GitHub Blog},
	publisher = {Github},
	author = {Kalliamvakou, Eirini},
	year = {2024},
	month = {5},
} 

@online{Miquido,
	title = {What is AI data scraping?},
	url = {https://www.miquido.com/ai-glossary/what-is-ai-data-scraping/},
	journal = {Miquido},
	author = {Miquido},
} 

@online{Blackduck,
	title = {Five types of software licenses you need to understand: Black duck
	         blog},
	url = {
	       https://www.blackduck.com/blog/5-types-of-software-licenses-you-need-to-understand.html
	       },
	journal = {Five Types of Software Licenses You Need to Understand | Black
	           Duck Blog},
	publisher = {Black Duck},
	author = {Odence, Phil},
	year = {2024},
	month = {Mar},
} 

@misc{Google,
	url = {
	       https://developers.google.com/search/docs/crawling-indexing/robots/intro
	       },
	journal = {Google},
	publisher = {Google},
} 

 @misc{robots,
	title = {What is a robots.txt},
	url = {https://www.cloudflare.com/learning/bots/what-is-robots-txt/},
	journal = {Cloudflare.com},
	year = {2024},
}
 @misc{harvard,
	title = {Google LLC v. Oracle America, Inc.},
	url = {
	       https://harvardlawreview.org/print/vol-135/google-llc-v-oracle-america-inc/
	       },
	journal = {Harvard Law Review},
	author = {Harvard Law Review},
	year = {2021},
	month = {Nov},
}

 @misc{s_2023,
	title = {How to Use GitHub Copilot: Setting Up and Learning Various Useful
	         AI Coding Methods},
	url = {https://www.hostinger.com/tutorials/how-to-use-github-copilot},
	journal = {Hostinger Tutorials},
	author = {S, Matleena},
	year = {2023},
	month = {Jun},
}
